<record><leader>00000cas a2200000Ma 4500</leader><controlfield tag="001">10984424</controlfield><controlfield tag="008">840725d184u18uunhuwr ne      0    0eng d</controlfield><datafield ind1=" " ind2=" " tag="010"><subfield code="a">sn 84023775 </subfield></datafield><datafield ind1=" " ind2=" " tag="040"><subfield code="a">AQM</subfield><subfield code="b">eng</subfield><subfield code="c">AQM</subfield><subfield code="d">OCLCQ</subfield></datafield><datafield ind1="0" ind2="0" tag="245"><subfield code="a">Belknap gazette and Carroll County advertiser.</subfield></datafield><datafield ind1=" " ind2=" " tag="260"><subfield code="a">Meredith Bridge [i.e. Laconia] N.H. :</subfield><subfield code="b">Charles Lane &amp; Co.</subfield></datafield><datafield ind1=" " ind2=" " tag="300"><subfield code="a">v. :</subfield><subfield code="b">ill. (chiefly advertisements) ;</subfield><subfield code="c">56 cm.</subfield></datafield><datafield ind1=" " ind2=" " tag="310"><subfield code="a">Weekly</subfield></datafield><datafield ind1=" " ind2=" " tag="500"><subfield code="a">Editor: C.P. Smith, &lt;1848&gt;.</subfield></datafield><datafield ind1=" " ind2=" " tag="500"><subfield code="a">"Republican." Cf. Moore, J.W. Hist., bio., and misc. gatherings, 1886.</subfield></datafield><datafield ind1=" " ind2=" " tag="588"><subfield code="a">Description based on: Vol. 5, no. 31 (Feb. 24, 1846).</subfield></datafield><datafield ind1=" " ind2="7" tag="655"><subfield code="a">Newspapers.</subfield><subfield code="2">rbgenr</subfield></datafield><datafield ind1="1" ind2=" " tag="700"><subfield code="a">Smith, Caleb P.</subfield></datafield><datafield ind1=" " ind2=" " tag="752"><subfield code="a">United States</subfield><subfield code="b">New Hampshire</subfield><subfield code="c">Belknap</subfield><subfield code="d">Laconia.</subfield></datafield><datafield ind1=" " ind2=" " tag="752"><subfield code="a">United States</subfield><subfield code="b">New Hampshire</subfield><subfield code="c">Belknap</subfield><subfield code="d">Meredith Bridge.</subfield></datafield><datafield ind1="0" ind2="0" tag="780"><subfield code="t">Belknap gazette (Meredith Bridge [Laconia] N.H. : 1841)</subfield></datafield><datafield ind1="0" ind2="0" tag="785"><subfield code="t">Belknap gazette (Meredith Bridge, N.H. : 1848)</subfield></datafield><datafield ind1="1" ind2=" " tag="029"><subfield code="a">AU@</subfield><subfield code="b">000025828176</subfield></datafield></record>